2762 5058
334 556 372 620 88
559 569 765 620 ωιεοιειιτιε
781 571 1029 621 munnam

331 738 467 820 σωτήριον
485 736 569 836 ἔργον
590 741 642 804 τοῦ
662 747 785 816 Λογου,
812 737 866 812 την
885 735 1012 815 άγάπην
1030 737 1086 814 σέην
1106 738 1268 820 ἡγιασμέ·

332 879 404 931 νην,
437 854 584 934 κυίριδίοις
611 853 661 919 καί
690 855 786 936 ζωμοῦ
805 854 882 935 ράσει
910 853 1156 935 καίνβρίζοντες·’
1173 856 1264 938 πστῷ

332 993 386 1042 τε.
413 970 462 1035 καί
481 975 600 1050 τ’ρυφηῖ,
622 968 674 1036 καί
699 969 801 1051 καπνῷ
829 971 1084 1050 βλασφημοῦντες
1103 959 1259 1052 τοῦνομα,

332 1085 523 1166 σφάλλονται
539 1091 592 1158 τοῖς
614 1086 808 1166 ὖπολρίφεως,
829 1085 882 1160 την
901 1085 1095 1162 ἐπαγγελίαν
1109 1091 1161 1153 τοῦ
1178 1091 1262 1153 Θεοῦ

332 1200 501 1282 δειτναρίοις
527 1201 692 1279 ἐξωνεῖσθαι
708 1201 980 1284 προσδοκήσαντες.
1023 1203 1081 1276 τάς
1109 1203 1163 1282 μέν
1190 1203 1262 1284 γάρ

333 1314 382 1381 ἐπί
413 1321 468 1388 τοῖς
492 1315 670 1397 εὐφροσύνης
698 1318 893 1395 συναγωγάς.
908 1317 1181 1399 ἕγααταλεγάμενοι
1203 1319 1262 1386 καί

333 1431 438 1508 αὐτοὶ,
459 1431 612 1512 δειπνάριά
630 1457 688 1510 τε,
710 1433 760 1498 καί
781 1432 910 1514 άριστα,
932 1433 982 1498 καί
1002 1435 1120 1516 δοχεῖς,
1139 1434 1264 1510 είκέτως

334 1547 373 1614 άν
402 1556 546 1630 καλοῖμεν
574 1550 628 1623 την
657 1549 967 1636 συνηλυσινταὺτην,
1002 1545 1136 1629 ἑπόμενοι
1164 1551 1264 1632 λόγῳ·

336 1795 456 1856 ιιληιιεν.
498 1780 583 1857 λέγει
611 1784 696 1856 γοῦν·
727 1789 771 1860 τῇ
800 1781 877 1859 μὲν,
908 1790 992 1846 Οταν
1011 1780 1120 1861 ιιληίηῖς
1138 1781 1179 1854 εῖς
1199 1781 1267 1859 γά·

336 1919 431 1976 μους,
460 1893 503 1976 μδ
530 1895 691 1962 κατάκεισο
716 1897 758 1969 είς
778 1896 831 1970 πέην
851 1895 1070 1976 προσοκλισίαν-·
1092 1892 1169 1962 άλλ’
1188 1893 1265 1963 ὅταν

245 2047 252 2064 ·
336 2012 464 2088 αληίιῖς,
500 2013 542 2084 εῖς
570 2013 619 2078 τέν
652 2010 783 2093 ἔσχατον
811 2011 899 2078 τάπον
933 2011 1100 2078 άνάτιπτε·
1132 2021 1175 2093 πηῖ
1205 2013 1263 2086 δέ,

338 2137 424 2195 Οτιιν
443 2136 527 2207 ποιῇς
548 2127 664 2209 άριστον
685 2127 702 2203 ἢ
724 2129 850 2194 δεῖπνον·
871 2127 921 2192 καί
942 2125 1056 2203 πάλιν,
1086 2123 1168 2194 Λλλ’
1187 2124 1263 2198 ὅταν

337 2251 420 2324 ποιῇς
450 2242 561 2323 δοχὴν,
580 2243 680 2336 -ιιάλει
709 2243 777 2315 τοὺς
793 2269 796 2274 ·
810 2243 963 2324 πτωρηοάςρ
979 2243 1044 2322 ’ἐφ’
1070 2237 1093 2323 ᾧ
1121 2241 1264 2320 μάλιστα

338 2359 453 2426 δεῖπνον
481 2357 625 2434 ποιητέον.
668 2357 772 2436 ἐτιτε,
804 2358 956 2445 λνίρωτιίς
974 2382 1020 2430 τις
1041 2358 1159 2433 ἐποιησε
1178 2359 1265 2424 δεῖπ·

337 2497 383 2542 νον
408 2473 531 2554 μέγαν,
553 2452 612 2538 ’καί
639 2473 766 2540 ἐκάλεσε
797 2473 937 2546 πολλούς.
978 2471 1055 2540 ἀλλ’
1085 2471 1263 2553 αῖσάάνομαι

328 2588 399 2656 ’ὅθεν
419 2592 437 2666 οῖ
458 2589 642 2670 εὐπριίσωπος
663 2591 741 2672 ἐρρύη
768 2597 824 2657 τῖον
840 2590 962 2657 δείπνων
981 2591 1177 2671 προσηγορία,
1198 2592 1265 2656 άπέ

338 2711 396 2772 τῶν
428 2705 621 2788 φαράγγων,
661 2707 712 2772 καί
749 2708 892 2788 φοιτητέης
932 2708 1041 2787 μανίας
1068 2707 1264 2781 ἐπιδείπνων,

340 2821 424 2888 αασά
451 2822 501 2888 τὸν
531 2821 668 2900 κωμικόν·
711 2820 774 2888 ἐστι
806 2822 866 2902 γάρ
896 2823 934 2895 ὥς
963 2821 1075 2896 άληίάς
1099 2821 1142 2886 τά
1159 2818 1265 2886 πολλοὶ

340 2945 402 3010 τοῖς
420 2947 541 3010 πολλοῖς
565 2942 617 3003 τοῦ
645 2937 760 3007 δείπνου
785 2939 889 3018 χάριν.
932 2941 963 3003 οὐ
995 2939 1056 3017 γάρ
1081 2959 1137 3003 που
1165 2959 1268 3015 μεμα·

342 3053 447 3130 άιίιιασι
486 3055 535 3121 τὸν
574 3055 648 3120 Θεδν
676 3054 903 3134 παρασκευάσαι
932 3055 973 3134 τῷ
1003 3054 1266 3133 δημιουργήματι,

275 3181 277 3188 ’
342 3172 384 3252 τῷ
410 3171 546 3252 άνίράπιρ
573 3171 691 3248 λέγω,“
708 3177 780 3236 σῖτα
796 3149 854 3236 οιαί
876 3170 955 3236 ποτά
974 3172 1024 3234 τοῦ
1044 3166 1184 3248 σάζεσάαι
1199 3167 1269 3246 χά·

343 3309 404 3366 ριν,
436 3288 504 3368 οὐχ)
536 3287 566 3352 δέ
594 3291 646 3366 τοῦ
675 3285 804 3362 ἥδεσθαι·
836 3285 900 3352 ἐπεί
927 3286 998 3364 μηδὲ
1016 3283 1195 3364 ὠφελεῖσθαι
1213 3283 1271 3349 πά·

342 3409 423 3483 φυιιε
444 3403 485 3466 τά
503 3401 687 3490 σάματαιένι
708 3408 762 3475 τῆς
788 3401 985 3477 πολυτελείας
1008 3405 1064 3466 τῶν
1084 3398 1270 3479 βρωμάτων·

335 1664 394 1736 σάς
423 1664 564 1756 τοιαύτας
592 1665 623 1730 δὲ
654 1663 801 1737 ἑστιάσεις
832 1664 847 1730 ί
877 1663 977 1744 Κύριος
1007 1663 1137 1742 άγάπας
1158 1665 1190 1731 οὔ
1213 1664 1268 1730 κέ·

343 3519 406 3582 πάν
432 3517 492 3596 γάρ
524 3519 709 3592 τούναντιον,
730 3518 756 3582 οἱ
780 3527 847 3590 ταῖς
870 3515 1103 3588 εὐτελεστάταις
1125 3514 1271 3595 χρώμενα

349 3636 500 3712 τροφαῖς,
521 3631 708 3712 ἰσχυρότατοι
730 3634 805 3707 εῖσι,
827 3633 877 3699 καί
898 3629 1108 3710 ὑγιεινάτατοι,
1129 3631 1179 3697 καί
1203 3653 1274 3709 γεν·

345 3744 504 3811 ναιίτατοι·
535 3743 571 3817 άς
600 3747 732 3825 οἰκέται,
763 3750 921 3816 δεσποτῶν·
951 3749 1002 3814 καί
1030 3746 1172 3827 γεωργοί,
1200 3770 1273 3822 ιιτη·

345 3861 447 3942 τάρων·
477 3861 528 3926 καί
561 3863 593 3927 οιῖ
624 3864 708 3942 μόνον
729 3866 967 3950 ῥωμαλεώτεροι,
988 3864 1074 3930 άλλά
1096 3861 1146 3928 καί
1174 3868 1274 3943 φρονι·

345 3975 490 4060 μάτεροι,
523 3980 560 4052 ὥς
590 3979 749 4061 φιλόσοφοι
774 3983 934 4051 πλουσίων·
964 3984 996 4046 οὐ
1029 3981 1090 4059 γάρ
1114 3976 1273 4058 ἐπέρηωσαν

346 4096 396 4164 τδν
428 4098 491 4162 ιοῖιν
520 4103 588 4169 ταῖς
617 4103 753 4178 τροφαῖς·
775 4099 838 4166 οὐδὲ
860 4096 1019 4174 ηπάτησαν
1038 4097 1127 4164 αὐτὸν
1146 4097 1271 4170 ἡδοναῖς..

743 4219 747 4232 ”
1192 4207 1276 4286 άγά·
1372 4205 1373 4296 ί
