2762 5058
331 599 498 648 πιεποκικ
530 597 824 646 εεοικειεεποολ.
981 577 1040 658 167

117 772 243 851 τρατιῶο
271 767 515 850 οὸρχιτριὸτηγιν,
537 768 587 834 τὸν
610 773 664 840 τῦο
689 765 830 845 μεγοὸληε
852 765 964 844 βουλῆς
984 761 1045 840 ύγ·

34 933 38 940 -
118 899 228 963 γελον,
253 885 304 953 τὸν
321 889 375 958 τῆς
395 885 517 967 ύὸὸύτον
536 883 656 962 γνύαης
677 887 729 948 τοῦ
752 883 862 961 πατρὸς
883 882 1044 960 ύπονργὸν,

117 1002 171 1068 τὸν
188 1007 246 1067 τῶν
269 999 411 1068 α’πύντιον
432 1001 485 1068 τὸν
503 1001 545 1082 τῷ
567 999 657 1080 πατρὸ
679 999 875 1078 δημιουργὸν,
907 998 958 1064 τὸν
982 995 1049 1063 δεύ·

117 1139 201 1197 τερον
220 1119 303 1198 μετὰ
322 1120 373 1185 τὸν
389 1118 506 1198 πατέρα
525 1123 581 1184 σῦν
598 1114 672 1184 ύλον
692 1115 800 1189 αἴτιον,
830 1117 880 1182 τὸν
899 1119 951 1182 τοῦ
973 1117 1048 1181 Θεοῦ

101 1234 219 1300 Δπαῖδα
240 1235 358 1310 γνιὶσιον
375 1234 427 1298 καὸ
450 1239 613 1312 μονογενῆ,
636 1234 685 1300 τὸν
707 1238 763 1299 τῶν
785 1235 929 1310 γεννητῶν
948 1228 1048 1297 ιὸτύν·

116 1372 178 1414 σοιν
195 1347 297 1428 Κύριον
317 1347 367 1415 ιιαὸ
389 1349 463 1414 Θεὸν
481 1348 532 1414 καὶ
550 1347 703 1428 βασιλέα,
725 1351 775 1414 τὸν
800 1351 834 1415 τὸ
864 1352 946 1430 κῦρος
974 1348 1047 1428 ὸριοῦ

118 1461 180 1529 ’νοαὸ-
197 1463 232 1530 τὸ
254 1455 359 1543 κρῶτος
379 1467 457 1544 αὐτῇ
472 1464 589 1539 ύεύτητι
619 1465 668 1530 καὶ
688 1464 810 1543 δννύμει
830 1465 881 1530 καὸ
897 1473 970 1546 τιμῇ
988 1489 1049 1532 ποι·

120 1580 161 1659 ριὸ
186 1582 241 1646 τοῦ
268 1581 378 1661 πατρὸς
394 1579 656 1658 ύποδεὸεγμένον,
678 1575 721 1646 ὸτι
746 1579 885 1654 ὸὸκατοὸ
906 1582 963 1654 τὸς
984 1581 1049 1662 περὸ

121 1691 216 1762 αύεοῦ
237 1696 367 1775 αντιιιὸορ
386 1701 443 1762 τῶν
465 1701 590 1777 γραφῶν
614 1697 788 1774 ύεολογὸατ·
810 1695 840 1761 ἕν
865 1697 947 1777 ύρχῦ
974 1691 1007 1771 ἦν
1036 1697 1051 1762 ὸ

121 1813 235 1890 λύγος,
257 1814 308 1878 καὸ
327 1813 341 1878 ὸ
361 1814 448 1891 λύγοι
469 1807 502 1886 ἦν
523 1813 592 1895 πρὸς
617 1814 666 1880 τὸν
691 1814 783 1890 Θεὸν,
806 1811 856 1878 καὸ
880 1814 953 1886 Θεὸς
977 1807 1010 1887 ἦν
1023 1813 1051 1877 τὸ

125 1927 234 2005 λόγος,
249 1927 353 1995 πάντα
372 1930 511 1996 ὸιάύτοῦ
529 1928 670 2006 ἐγένετο,
693 1930 742 1996 καὸ
762 1929 853 2012 χειρὸς
874 1931 966 1998 αύποῦ
984 1929 1053 2006 ἐγέ-

103 2067 189 2110 νετο
213 2045 276 2112 οῦδὲ
300 2041 342 2110 ἕν.
405 2046 502 2112 Τοῦτύ
526 2069 570 2112 τοι
594 2047 644 2112 καὸ
676 2047 808 2126 ὸμέγαε
830 2050 981 2122 Μοῶσῆρ,
1014 2048 1051 2120 ῶς

126 2160 164 2227 ῶν
192 2168 350 2241 προφητῶν
379 2163 520 2230 ιὶποὸντιιν
551 2161 771 2236 παλαιότατος,
813 2163 876 2245 ύεύῳ
904 2161 1052 2242 πνεύματι

124 2283 179 2351 την
202 2284 254 2344 τοῦ
275 2281 385 2352 παντὸς
415 2281 545 2347 ούσὸοισιν
572 2305 607 2346 τε
628 2282 679 2345 καὸ
702 2279 893 2358 διακόσμησιν
916 2277 1053 2358 οὸπογροὸ·

125 2399 212 2475 Φοιν,
245 2395 295 2460 τὸν
315 2397 486 2474 κισριιτοιὸν
503 2397 553 2461 καὸ
576 2398 747 2476 δημιουργὸν
768 2381 825 2461 τῶν
847 2391 937 2467 ύλων.
970 2394 1054 2474 αύτῷ

127 2510 162 2584 ὸὸι
182 2511 222 2591 τῷ
241 2511 353 2592 Χριςῶ,
385 2513 433 2576 καὶ
459 2513 521 2578 οὐδὲ
542 2511 627 2594 ῶλλιρ
659 2513 675 2588 ἣ
704 2513 745 2594 τῷ
774 2513 837 2594 osup
861 2512 974 2587 δηλαδὸι
1001 2509 1053 2578 κοιὸ

127 2627 315 2709 πρῶτογύνιρ·
329 2631 433 2695 ἑαυτοῦ
458 2631 540 2710 λογῳ
560 2631 613 2702 τὸν
636 2635 693 2695 τῶν
714 2629 944 2709 ύποβεβηκύτιιν
970 2630 1054 2704 ποὸη·

127 2767 174 2813 σιν
196 2751 432 2826 παραχωροῦντα
449 2745 614 2821 διδοῦσαι,
636 2745 717 2827 αύτῷ
742 2771 777 2812 τε
805 2745 1055 2824 κοινολογούμενον

127 2862 179 2928 ἐπὸ
203 2868 257 2936 τῆς
276 2863 529 2942 ’ύνύρεοπογονιάςι
593 2858 670 2928 Εὸπε
691 2841 773 2942 γὸιρ,
795 2861 904 2943 Φησὸν,
925 2861 940 2925 ὸ
960 2861 1054 2937 Θεὸς,

127 2978 296 3056 ποιήσομεν
328 2977 471 3059 ῶνύριοπον
503 2983 572 3046 κατ’
598 2978 694 3046 εὸκύνα
730 2979 875 3060 ἡμετέραν
909 2979 958 3046 καὸ
988 2980 1054 3047 καύ*

128 3095 272 3173 ύμούιοσιν.
314 3095 437 3171 Ταύτην
463 3098 494 3165 δὲ
521 3097 675 3175 ἐγγνῶται
703 3095 756 3172 τὸν
779 3099 878 3178 Φανὸν
898 3103 1055 3181 προφητῶν

128 3209 244 3282 ὸὸλλος,
266 3207 319 3276 ὧδὲ
336 3235 397 3283 ποις
414 3213 443 3277 ἒν
460 3209 557 3290 ύμνοις
575 3213 734 3289 θεολογῶν·
760 3254 781 3288 ,,
792 3211 881 3286 αύτὸρ
893 3209 980 3292 εἶπε,
1002 3216 1056 3288 καὸ

128 3327 337 3403 ἐγεννήθησαν·
358 3331 446 3400 αὐτὸς
459 3329 646 3401 ε’νετεὸλατο,
670 3329 720 3393 καὸ
739 3327 949 3405 ε’κτὸσύησαν.”
990 3336 1052 3402 Τὸν

128 3444 185 3521 μὲν
203 3443 319 3524 πατέρα
338 3443 388 3508 καὸ
409 3446 529 3519 ποιητὸν
552 3445 682 3522 εὸσύγοιν
708 3447 745 3519 ύρ
774 3445 812 3514 ὸιν
839 3449 1050 3529 πανηγεμύνα,

127 3561 277 3641 βασιλικῷ
296 3561 420 3639 νεύματι
441 3562 667 3642 προςοὸττοντα·
699 3566 748 3630 τὸν
776 3567 806 3631 δὸ
834 3567 928 3649 τούτῳ
952 3569 1051 3634 δευτεν
1162 3635 1165 3643 Α

127 3678 249 3756 ρεύοντα
270 3685 352 3743 Θεΐον
373 3677 481 3760 λύγον,
514 3683 572 3760 οὐχ
593 3673 688 3760 ἕτερον
716 3686 768 3746 τοῦ
794 3683 865 3763 πρὸς
894 3685 974 3761 ἡμῶν
1000 3710 1051 3760 κη·

127 3793 320 3874 ροττομένον,
352 3805 418 3867 ταῖς
447 3805 604 3874 πατρικαῖς
634 3797 804 3875 ἐπιτάξεσιν
836 3802 1049 3881 ὑπουργοῦντα.

128 3915 241 3978 Τοῦτον
268 3912 317 3977 καὸ
337 3915 361 3978 οὸ
381 3913 440 3978 ύπὸ
458 3917 511 3986 πῦρ
531 3912 644 3988 πρύτης
665 3915 896 3994 οὸνύρωπογονίαρ
919 3918 1051 3992 ποὸντες,

128 4025 188 4096 ὅσοι
209 4031 244 4104 δὸν
263 4029 426 4110 δικαιοσύνη
450 4029 500 4094 καὸ
520 4029 686 4108 ύεοσεβεύαρ
708 4032 799 4111 οὸρετῦ
821 4033 981 4114 διαπρέψαι
1002 4035 1052 4101 λέ.

111 4169 258 4223 ·γοιται,
280 4146 366 4230 ἀμφί
386 4171 421 4215 τε
440 4146 489 4216 τὸν
508 4146 608 4228 μέγαν
631 4131 794 4228 ύερύτιντοο
817 4148 971 4227 Μαΰσὲα,
1000 4153 1052 4218 καὸ

1001 4271 1054 4352 πρὸ
