2762 5058
338 573 397 627 ΠΟ
564 575 771 626 camum
792 577 1034 628 mmmm

333 743 420 824 μείνη
451 742 564 825 ἐχθρός·
593 743 744 823 ἐπικουρία
767 741 848 826 γοίρ,
880 745 977 828 εῦνοίρ
995 749 1055 823 ,μὲν
1084 749 1262 822 συνδεῖταις

333 859 440 926 λύεται
466 859 498 926 δὲ
529 857 633 942 ἔχθρα.
666 856 742 926 αλλ’
771 861 797 952 εί
826 855 876 925 καί
901 862 1047 942 προθυμία
1079 862 1264 944 πρόκειται,

336 975 408 1041 καθί
435 975 488 1042 ἔδον
515 974 597 1056 ἔχη,
631 975 839 1055 εὐπρόσδεκτος
850 1017 866 1048 ‚·
890 978 922 1042 οῦ
952 978 1022 1046 καθὸ
1043 981 1095 1046 οῦκ
1122 979 1200 1061 ἔχει·
1223 982 1264 1047 οῦ

334 1093 395 1174 γδρ
417 1088 463 1158 ίια
480 1087 584 1165 ἄλλοις
606 1083 728 1165 ἄνεσις,
762 1094 830 1172 ὑμῖν
853 1093 884 1160 δὲ
909 1092 1023 1175 θλίψις·
1045 1089 1121 1161 ἀλλ’
1142 1096 1178 1175 ἕξ
1197 1095 1266 1164 ίσό·

332 1231 420 1284 τητος
447 1211 478 1274 ἐν
512 1210 554 1290 τῷ
583 1212 633 1275 νῦν
663 1209 766 1290 καιρῷ·
796 1208 847 1274 καί
871 1210 914 1276 τοὶ
935 1210 1013 1289 ἓξής.
1053 1210 1264 1292 Εσιιόρττσεν,

334 1324 440 1398 ἔδωκεν
464 1331 526 1398 τοῖς
543 1328 675 1401 πένησιν·
697 1327 715 1400 ή
737 1325 901 1400 δικαιοσύνη
921 1327 1014 1392 αῦσοῦ
1038 1325 1120 1406 μένει
1135 1328 1176 1402 είς
1202 1329 1264 1395 τὸν

334 1441 449 1518 αίῦνοι,
471 1444 488 1518 ή
509 1413 615 1524 Γραφή
636 1438 735 1517 λέγει·
757 1441 792 1506 τδ
812 1440 873 1520 γὰρ
893 1445 963 1510 κατ’
976 1439 1074 1509 είκόνα
1092 1442 1142 1508 καί
1156 1443 1267 1523 ίμοίοι·

335 1579 402 1631 σιν,
432 1558 469 1630 ιῦς
499 1555 550 1622 καί
580 1553 702 1635 πρόσθεν
730 1555 911 1636 είρήκαμευ,
940 1560 973 1624 οῦ
996 1559 1030 1624 τὸ
1057 1559 1140 1625 κατα
1169 1563 1263 1638 σοῦμοο

335 1674 492 1756 μηνιίεται·
524 1676 556 1740 οῦ
585 1672 645 1753 γίιρ
672 1671 752 1751 θέμις
772 1671 871 1747 θνητδυ
889 1671 1025 1753 θθανοίτιρ
1046 1673 1261 1754 ἐξομοιοῦσθαι·

335 1793 409 1858 ἀλλ’
437 1789 453 1862 ή
483 1789 565 1856 κατὰ
594 1791 657 1855 νοῦν
685 1787 735 1854 καί
765 1783 961 1869 mmmm}
984 1791 1033 1853 καί
1054 1791 1109 1864 τήν
1129 1793 1200 1872 πρὸς
1224 1795 1263 1861 τὸ

336 1911 523 1989 εὐεργετεῖν,
545 1905 595 1971 καί
614 1905 668 1981 τήν
686 1905 756 1986 πρδς
776 1905 810 1970 τδ
830 1903 935 1986 ἄρχειν
950 1903 1130 1983 ὁμοιότητα,
1152 1931 1264 1988 προση-

336 2026 443 2098 κόντως
473 2024 488 2089 θ
516 2024 616 2104 Κύριος
647 2021 892 2102 ἐνσφραγίζεται·
913 2023 944 2087 οῦ
965 2022 1026 2101 γοδρ
1052 2024 1084 2087 αί
1103 2024 1263 2102 ἡγεμονίαι

335 2142 482 2220 συμοίτυν
506 2139 673 2215 ποιότησιν,
703 2137 788 2204 οίλλδι
815 2123 940 2208 διανοίας
958 2137 1069 2217 κρίσεσι
1090 2139 1263 2220 κατορθοῦν-

334 2270 399 2324 ται·
432 2257 559 2335 βουλαῖς
589 2257 650 2333 γὰρ
681 2253 788 2332 οὶνδρῦν
820 2252 927 2328 όσίυν,
966 2248 1000 2318 εὖ
1030 2255 1085 2332 μὲν
1113 2257 1260 2323 οἰκοῦνται

335 2373 457 2446 πόλεις,
480 2367 513 2437 εὖ
533 2373 559 2436 δ’
580 2365 666 2442 οἶκος.

377 2493 425 2567 (c.
450 2480 526 2563 σο.)
567 2494 595 2551 Η
624 2507 662 2562 γε
691 2484 750 2563 μήν
781 2483 920 2564 καρτερία
949 2483 998 2550 καί
1029 2487 1106 2560 αῦτη
1130 2488 1177 2560 είς
1204 2488 1264 2562 τήν

335 2605 412 2670 θείαν
434 2601 600 2680 ἐξομοίωσιν
619 2599 781 2682 βιάζεται,
803 2601 829 2666 δῖ
852 2602 997 2678 ὑπομονῆς
1022 2602 1169 2668 οῦποίθειαν
1187 2627 1263 2684 καρ·

334 2717 480 2796 πουμόνη,
515 2717 543 2782 εί
568 2707 610 2798 περ
639 2715 751 2781 ἔναυλα
778 2715 821 2781 τδο
848 2715 897 2782 ε’πί
918 2717 967 2782 τὸν
988 2719 1117 2784 Ανανίαν
1133 2721 1265 2800 ίσσοροιῦ·

334 2849 425 2915 μευα·
457 2830 495 2900 ὧν
524 2828 567 2906 είς
598 2829 647 2897 καί
679 2833 793 2906 Δανιήλ
823 2831 1011 2915 όπροφήσης
1033 2831 1083 2908 ήν,
1112 2837 1191 2908 θείας
1209 2838 1262 2905 πί-

335 2976 428 3024 σσεοις
443 2948 682 3030 πεπληρωμένος.
714 2949 884 3028 Βαβυλῶνα
907 2948 989 3030 ᾤκει,
1014 2954 1145 3026 Δαυιήλ,
1167 2955 1265 3020 καθα·

335 3093 390 3150 περ
413 3069 428 3134 ό
449 3069 504 3147 μὲν
522 3068 611 3141 Λίοτ,
642 3065 684 3130 τίς
704 3062 837 3141 Σόδομα·
867 3065 921 3137 τήν
938 3065 1092 3132 Χαλδαίων
1113 3067 1144 3132 δὲ
1165 3071 1263 3142 γήνῦ

306 3273 309 3278 ,
335 3185 491 3266 Αβραόομ,
513 3183 527 3248 θ
547 3179 619 3261 μετ’
647 3181 748 3257 θλίγον
775 3180 864 3260 Φίλος
884 3184 934 3244 τοῦ
954 3185 1038 3244 Θεοῦ.
1077 3182 1266 3262 κατήγαγεν

335 3299 382 3368 οῦν
404 3302 445 3372 είς
463 3299 581 3380 ὄρυγμα
594 3293 700 3376 Ιθηρίιον
721 3295 859 3375 ἔμπλεον
877 3297 929 3369 τήν
948 3296 1062 3368 Δαυιήλ
1078 3297 1091 3360 ὂ
1110 3299 1263 3377 Βαβυλιο·
1364 3294 1369 3314 ’

333 3417 399 3483 νίυυ
416 3413 577 3496 βασιλεῦς·
597 3413 739 3490 οίνήγαγε
762 3413 793 3477 δὲ
819 3413 908 3477 αὐτὸν
928 3411 1059 3491 οῦβλαβή
1080 3413 1094 3477 δ
1115 3415 1264 3485 οῦποίντιον

334 3537 504 3615 βασιλεὺς,
533 3533 548 3598 ί
570 3534 674 3606 πιστὸς
694 3533 805 3612 Κύριος.
825 3528 937 3603 ταύτην
955 3529 1099 3603 κτήσεται
1117 3530 1171 3604 τήν
1188 3533 1262 3598 ῦπο·

334 3651 422 3729 μονήν
451 3649 466 3713 δ
497 3631 678 3724 γυυστικδς,
710 3644 729 3726 ή
754 3643 927 3724 γνυστικθς·
950 3646 1110 3734 εῦλογήσει
1127 3649 1264 3731 πειραζθ·

334 3786 420 3844 μενος
445 3765 481 3835 οῦς
504 3763 518 3826 ῦ
543 3773 676 3840 γενναῖος
702 3765 782 3842 Ιίοβ,
814 3763 851 3834 οῦς
876 3764 966 3834 Ιυυοῦς
987 3761 1106 3839 εὔξεται
1127 3789 1260 3832 καταπι-

334 3878 448 3958 νόμενος
464 3876 519 3942 ὑπὸ
535 3877 657 3951 κήτους,
680 3877 730 3944 καί
748 3879 764 3954 ή
782 3876 883 3950 πίστις
904 3879 993 3944 αὐτὸν
1013 3879 1258 3958 ἀποκαταστήσει

333 3993 501 4064 Νινευίταις
518 3994 753 4072 προφητεύουσα·
775 3993 831 4075 κᾷν
846 4000 930 4073 μετοδ
944 3994 1067 4061 λεόντων
1085 3998 1256 4081 καθειρχθῇ,

335 4109 474 4193 ’ήμεριίσει
493 4111 535 4178 τοὶ
552 4111 647 4191 θηρία·
679 4110 735 4191 κρίυ
756 4113 798 4185 είς
816 4115 874 4191 πῦρ
899 4112 1051 4194 ἐμβληθῇ,
1082 4115 1259 4193 δροσισθήσε·

340 4249 343 4256 ’
1187 4253 1256 4304 ται,
